@inproceedings{6gstatistical,
  author={Zhang, Xi and Wang, Jingqing and Poor, H. Vincent},
  booktitle={IEEE INFOCOM 2021 - IEEE Conference on Computer Communications},
  title={Statistical Delay and Error-Rate Bounded QoS Provisioning for 6G mURLLC Over AoI-Driven and UAV-Enabled Wireless Networks},
  year={2021},
  volume={},
  number={},
  pages={1-10},
  doi={10.1109/INFOCOM42981.2021.9488836}
}
