@article{
  localization5g,
  author={Kanhere, Ojas and Rappaport, Theodore S.},
  journal={IEEE Communications Magazine},
  title={Position Location for Futuristic Cellular Communications: 5G and Beyond},
  year={2021},
  volume={59},
  number={1},
  pages={70-75},
  doi={10.1109/MCOM.001.2000150}
}
