@article{uav,
  author={Jiang, Jinfang and Han, Guangjie},
  journal={IEEE Communications Magazine},
  title={Routing Protocols for Unmanned Aerial Vehicles},
  year={2018},
  volume={56},
  number={1},
  pages={58-63},
  doi={10.1109/MCOM.2017.1700326}
}
