@article{wifi6,
  author={Afaqui, M. Shahwaiz and Garcia-Villegas, Eduard and Lopez-Aguilera, Elena},
  journal={IEEE Wireless Communications},
  title={IEEE 802.11ax: Challenges and Requirements for Future High Efficiency WiFi},
  year={2017},
  volume={24},
  number={3},
  pages={130-137},
  doi={10.1109/MWC.2016.1600089WC}
}
