@article{5giot,
  author={Chettri, Lalit and Bera, Rabindranath},
  journal={IEEE Internet of Things Journal},
  title={A Comprehensive Survey on Internet of Things (IoT) Toward 5G Wireless Systems},
  year={2020},
  volume={7},
  number={1},
  pages={16-32},
  doi={10.1109/JIOT.2019.2948888}
}
