@article{nbiot,
  author={Hoglund, Andreas and Lin, Xingqin and Liberg, Olof and Behravan, Ali and Yavuz, Emre A. and Van Der Zee, Martin and Sui, Yutao and Tirronen, Tuomas and Ratilainen, Antti and Eriksson, David},
  journal={IEEE Network},
  title={Overview of 3GPP Release 14 Enhanced NB-IoT},
  year={2017},
  volume={31},
  number={6},
  pages={16-22},
  doi={10.1109/MNET.2017.1700082}
}
