@article{loraRoute,
  author={Osorio, Alfonso and Calle, Maria and Soto, Jose D. and Candelo-Becerra, John E.},
  journal={IEEE Communications Magazine},   title={Routing in LoRaWAN: Overview and Challenges},
  year={2020},
  volume={58},
  number={6},
  pages={72-76},
  doi={10.1109/MCOM.001.2000053}
}
