@article{blemesh,
  author={Darroudi, Seyed Mahdi and Gomez, Carles and Crowcroft, Jon},
  journal={IEEE Communications Magazine},
  title={Bluetooth Low Energy Mesh Networks: A Standards Perspective},
  year={2020},
  volume={58},
  number={4},
  pages={95-101},
  doi={10.1109/MCOM.001.1900523}
}
